@book{LarmanUml,
  title={Applying UML and patterns},
  author={Craig Larman},
  isbn={0-13-148906-2},
  year={2009},
  publisher={Prentice Hall}
}
@book{freeswitch12,
  author = {Minessale, Anthony and Collins, Michael S. and Schreiber, Darren and Chandler, Raymond},
  title = {FreeSWITCH 1.2},
  year = {2013},
  isbn = {1782161007, 9781782161004},
  publisher = {Packt Publishing},
}
@book{walrath2012dart,
  title={Dart: Up and Running},
  author={Walrath, Kathy and Ladd, Seth},
  year={2012},
  publisher={O'Reilly Media, Inc.},
  isbn = {978-1-4493-3089-7}
}
@book{minessale2012freeswitch,
  title={FreeSWITCH Cookbook},
  author={Minessale, Anthony and Schreiber, Darren},
  year={2012},
  publisher={Packt Publishing Ltd}
}
@book{osherove2010artofunittesting,
  title={The art of unit testing},
  author={Osherove, Roy},
  year={2010},
  publisher={Manning}
}
